@article{handford2014sideways,
  title={Sideways walking: preferred is slow, slow is optimal, and optimal is expensive},
  author={Handford, Matthew L and Srinivasan, Manoj},
  journal={Biology letters},
  volume={10},
  number={1},
  pages={20131006},
  year={2014},
  publisher={The Royal Society}
}

@inproceedings{pucci2013nonlinear,
	title={Nonlinear control of unicycle-like robots for person following},
	author={Pucci, Daniele and Marchetti, Luca and Morin, Pascal},
	booktitle={Intelligent Robots and Systems (IROS), 2013 IEEE/RSJ International Conference on},
	pages={3406--3411},
	year={2013},
	organization={IEEE}
}